<?xml version="1.0" encoding="UTF-8"?><record xmlns="http://www.loc.gov/MARC21/slim" xmlns:cinclude="http://apache.org/cocoon/include/1.0" xmlns:zs="http://www.loc.gov/zing/srw/">
  <leader>00963nz  a2200181n  4500</leader>
  <controlfield tag="001">no2009118697</controlfield>
  <controlfield tag="003">DLC</controlfield>
  <controlfield tag="005">20090805075455.0</controlfield>
  <controlfield tag="008">090803n| acannaabn          |a aaa     c</controlfield>
  <datafield tag="010" ind1=" " ind2=" ">
    <subfield code="a">no2009118697</subfield>
  </datafield>
  <datafield tag="035" ind1=" " ind2=" ">
    <subfield code="a">(OCoLC)oca08191857</subfield>
  </datafield>
  <datafield tag="040" ind1=" " ind2=" ">
    <subfield code="a">PSt</subfield>
    <subfield code="b">eng</subfield>
    <subfield code="c">PSt</subfield>
  </datafield>
  <datafield tag="100" ind1="1" ind2=" ">
    <subfield code="a">Geijskes, R. J.</subfield>
    <subfield code="q">(Robert Jason)</subfield>
  </datafield>
  <datafield tag="400" ind1="1" ind2=" ">
    <subfield code="a">Geijskes, Robert Jason</subfield>
  </datafield>
  <datafield tag="400" ind1="1" ind2=" ">
    <subfield code="a">Geijskes, Jason</subfield>
  </datafield>
  <datafield tag="670" ind1=" " ind2=" ">
    <subfield code="a">Proceedings of the  VIth International Symposium on In Vitro Culture and Horticultural Breeding, 2009:</subfield>
    <subfield code="b">cover (editors, R.J. Geijskes ...) p. 3 (Ctr. for Tropical Crops and Biocommodities, Queensland Univ. of Technology, Brisbane, Qld.) p. 5 (Jason Geijskes) p. 17 (Geijskes, Jason [in inverted order], Syngenta)</subfield>
  </datafield>
  <datafield tag="670" ind1=" " ind2=" ">
    <subfield code="a">Qld. Univ. of Technology WWW site, July 29, 2009:</subfield>
    <subfield code="b">Faculty of Science and Technology page (Dr. Jason Geijskes, Sr. Research Fellow)</subfield>
  </datafield>
  <datafield tag="670" ind1=" " ind2=" ">
    <subfield code="a">Google patents WWW site, July 29, 2009:</subfield>
    <subfield code="b">Monocotyledonous plant transformation page (Robert Jason Geijskes)</subfield>
  </datafield>
</record>